@misc{Zute:2018,
  author = {Zute, Anish and Campbell, Marshall},
  title  = {Positronium Decay Experiment Laboratory Manual - Revised},
  year   = {2018},
  note   = {Accessed 2023-11-30}
}

@article{Yuly:1999,
  author = {M. Yuly},
  journal = {American Association of Physics Teachers},
  doi    = {10.1119/1.19142},
  title  = {Positronium in the Undergraduate Laboratory},
  year   = {1999},
  note   = {Accessed 2023-11-30}
}