@misc{LightScattering2019,
  author = {Physics Open Lab},
  title  = {Light Scattering},
  year   = {2019},
  url    = {https://physicsopenlab.org/2019/07/10/light-scattering/},
  note   = {Accessed 2023-11-07}
}

@article{Sharma:2003,
  author  = {Sharma, Natthi L. and Behringer, Ernest R. and Crombez, Rene C.},
  title   = {A study of electric dipole radiation via scattering of polarized laser light},
  journal = {American Association of Physics Teachers},
  year    = {2003},
  doi     = {10.1119/1.1575764},
  note    = {Accessed 2023-11-07}
}

% @article{Horvath:2009,
%   author    = {{Horvath, Helmuth}},
%   title     = {Gustav Mie and the scattering and absorption of light by particles: Historic developments and basics},
%   journal   = {Journal of Quantitative Spectroscopy & Radiative Transfer},
%   year      = {2009},
%   volume    = {110},
%   pages     = {787--799},
%   publisher = {Elsevier},
%   address   = {Vienna, Austria}
% }
